@book{mitchell1997,
 author = {Mitchell, Thomas M.},
 title = {Machine Learning},
 year = {1997},
 isbn = {0070428077, 9780070428072},
 edition = {1},
 publisher = {McGraw-Hill, Inc.},
 address = {New York, NY, USA},
} 


@article{shannon1953,
  title={Computers and automata},
  author={Shannon, Claude E},
  journal={Proceedings of the IRE},
  volume={41},
  number={10},
  pages={1234--1241},
  year={1953},
  publisher={IEEE}
}

@article{meltzoff2009,
  title={Foundations for a new science of learning},
  author={Meltzoff, Andrew N and Kuhl, Patricia K and Movellan, Javier and Sejnowski, Terrence J},
  journal={science},
  volume={325},
  number={5938},
  pages={284--288},
  year={2009},
  publisher={American Association for the Advancement of Science}
}

@article{lioutikov2012,
  title={Machine learning and the brain},
  author={Lioutikov, Rudolf},
  journal={Technological University Darmstad},
  year={2012}
}

@inproceedings{velik2008,
  title={Discrete Fourier Transform Computation Using Neural Networks},
  author={Velik, Rosemarie},
  booktitle={Computational Intelligence and Security, 2008. CIS'08. International Conference on},
  volume={1},
  pages={120--123},
  year={2008},
  organization={IEEE}
}

@incollection{refaeilzadeh2009,
    author = {Refaeilzadeh, Payam and Tang, Lei and Liu, Huan},
    booktitle = {Encyclopedia of Database Systems},
    citeulike-article-id = {8379558},
    citeulike-linkout-0 = {http://dblp.uni-trier.de/rec/bibtex/reference/db/RefaeilzadehTL09},
    citeulike-linkout-1 = {http://dx.doi.org/10.1007/978-0-387-39940-9\_565},
    doi = {10.1007/978-0-387-39940-9\_565},
    editor = {Liu, Ling and \"{O}zsu, M. Tamer},
    isbn = {978-0-387-35544-3, 978-0-387-39940-9},
    keywords = {cross\_validation, machine\_learning},
    pages = {532--538},
    posted-at = {2010-12-07 22:27:37},
    priority = {2},
    publisher = {Springer US},
    title = {{Cross-Validation}},
    url = {http://dx.doi.org/10.1007/978-0-387-39940-9\_565},
    year = {2009}
}



@article{dietterich1998,
  title={Approximate statistical tests for comparing supervised classification learning algorithms},
  author={Dietterich, Thomas G},
  journal={Neural computation},
  volume={10},
  number={7},
  pages={1895--1923},
  year={1998},
  publisher={MIT Press}
}


@article{nadeau2003,
 author = {Nadeau, Claude and Bengio, Yoshua},
 title = {Inference for the Generalization Error},
 journal = {Mach. Learn.},
 issue_date = {September 2003},
 volume = {52},
 number = {3},
 month = sep,
 year = {2003},
 issn = {0885-6125},
 pages = {239--281},
 numpages = {43},
 url = {http://dx.doi.org/10.1023/A:1024068626366},
 doi = {10.1023/A:1024068626366},
 acmid = {779927},
 publisher = {Kluwer Academic Publishers},
 address = {Hingham, MA, USA},
 keywords = {cross-validation, generalization error, hypothesis tests, power, size, variance estimation},
} 

@article{bengio2004,
  title={No unbiased estimator of the variance of k-fold cross-validation},
  author={Bengio, Yoshua and Grandvalet, Yves},
  journal={The Journal of Machine Learning Research},
  volume={5},
  pages={1089--1105},
  year={2004},
  publisher={JMLR. org}
}


@book{mostafa2012,
 author = {Abu-Mostafa, Yaser S. and Magdon-Ismail, Malik and Lin, Hsuan-Tien},
 title = {Learning From Data},
 year = {2012},
 isbn = {1600490069, 9781600490064},
 publisher = {AMLBook},
} 

@MISC{vapnik95,
    author = {Vladimir N. Vapnik},
    title = {The Nature of Statistical Learning Theory},
    year = {1995}
}


@article{rosenblatt1958,
  title={The perceptron: a probabilistic model for information storage and organization in the brain.},
  author={Rosenblatt, Frank},
  journal={Psychological review},
  volume={65},
  number={6},
  pages={386},
  year={1958},
  publisher={American Psychological Association}
}

@book{haykin1994,
  title={Neural networks: a comprehensive foundation},
  author={Haykin, Simon},
  year={1994},
  publisher={Prentice Hall PTR}
}


@article{kim2000,
  title={Genetic algorithms approach to feature discretization in artificial neural networks for the prediction of stock price index},
  author={Kim, Kyoung-jae and Han, Ingoo},
  journal={Expert systems with applications},
  volume={19},
  number={2},
  pages={125--132},
  year={2000},
  publisher={Elsevier}
}


@article{maier2000,
  title={Neural networks for the prediction and forecasting of water resources variables: a review of modelling issues and applications},
  author={Maier, Holger R and Dandy, Graeme C},
  journal={Environmental modelling \& software},
  volume={15},
  number={1},
  pages={101--124},
  year={2000},
  publisher={Elsevier}
}

@article{smith1999,
  title={Neural networks for combinatorial optimization: a review of more than a decade of research},
  author={Smith, Kate A},
  journal={INFORMS Journal on Computing},
  volume={11},
  number={1},
  pages={15--34},
  year={1999},
  publisher={INFORMS}
}

@article{widrow1994,
  title={Neural networks: Applications in industry, business and science},
  author={Widrow, Bernard and Rumelhart, David E and Lehr, Michael A},
  journal={Communications of the ACM},
  volume={37},
  number={3},
  pages={93--105},
  year={1994},
  publisher={ACM}
}

@article{abeel2010,
  title={Robust biomarker identification for cancer diagnosis with ensemble feature selection methods},
  author={Abeel, Thomas and Helleputte, Thibault and Van de Peer, Yves and Dupont, Pierre and Saeys, Yvan},
  journal={Bioinformatics},
  volume={26},
  number={3},
  pages={392--398},
  year={2010},
  publisher={Oxford Univ Press}
}

@article{kramer1991,
  title={Nonlinear principal component analysis using autoassociative neural networks},
  author={Kramer, Mark A},
  journal={AIChE journal},
  volume={37},
  number={2},
  pages={233--243},
  year={1991},
  publisher={Wiley Online Library}
}


@article{lehmann2007,
  title={Application and comparison of classification algorithms for recognition of Alzheimer's disease in electrical brain activity (EEG)},
  author={Lehmann, Christoph and Koenig, Thomas and Jelic, Vesna and Prichep, Leslie and John, Roy E and Wahlund, Lars-Olof and Dodge, Yadolah and Dierks, Thomas},
  journal={Journal of neuroscience methods},
  volume={161},
  number={2},
  pages={342--350},
  year={2007},
  publisher={Elsevier}
}


@article{neto2010,
  title={High-level programming and control for industrial robotics: using a hand-held accelerometer-based input device for gesture and posture recognition},
  author={Neto, Pedro and Pires, J Norberto and Moreira, A Paulo},
  journal={Industrial Robot: An International Journal},
  volume={37},
  number={2},
  pages={137--147},
  year={2010},
  publisher={Emerald Group Publishing Limited}
}

@article{finke2009,
  title={The MindGame: a P300-based brain--computer interface game},
  author={Finke, Andrea and Lenhardt, Alexander and Ritter, Helge},
  journal={Neural Networks},
  volume={22},
  number={9},
  pages={1329--1333},
  year={2009},
  publisher={Elsevier}
}

@article{sidhu2012,
  title={Kernel Principal Component Analysis for dimensionality reduction in fMRI-based diagnosis of ADHD},
  author={Sidhu, Gagan S and Asgarian, Nasimeh and Greiner, Russell and Brown, Matthew RG},
  journal={Frontiers in systems neuroscience},
  volume={6},
  year={2012},
  publisher={Frontiers Media SA}
}

@article{lule2012,
  title={Probing command following in patients with disorders of consciousness using a brain--computer interface},
  author={Lul{\'e}, Doroth{\'e}e and Noirhomme, Quentin and Kleih, Sonja C and Chatelle, Camille and Halder, Sebastian and Demertzi, Athena and Bruno, Marie-Aur{\'e}lie and Gosseries, Olivia and Vanhaudenhuyse, Audrey and Schnakers, Caroline and others},
  journal={Clinical Neurophysiology},
  year={2012},
  publisher={Elsevier}
}

@article{shiue2012,
  title={Development of machine learning-based real time scheduling systems: using ensemble based on wrapper feature selection approach},
  author={Shiue, Yeou-Ren and Guh, Ruey-Shiang and Lee, Ken-Chun},
  journal={International Journal of Production Research},
  volume={50},
  number={20},
  pages={5887--5905},
  year={2012},
  publisher={Taylor \& Francis}
}


@inproceedings{le2012,
  title={Learning hierarchical invariant spatio-temporal features for action recognition with independent subspace analysis},
  author={Le, Quoc V and Zou, Will Y and Yeung, Serena Y and Ng, Andrew Y},
  booktitle={Computer Vision and Pattern Recognition (CVPR), 2011 IEEE Conference on},
  pages={3361--3368},
  year={2011},
  organization={IEEE}
}

@article{le2011,
  title={Building high-level features using large scale unsupervised learning},
  author={Le, Quoc V and Ranzato, Marc'Aurelio and Monga, Rajat and Devin, Matthieu and Chen, Kai and Corrado, Greg S and Dean, Jeff and Ng, Andrew Y},
  journal={arXiv preprint arXiv:1112.6209},
  year={2011}
}

@article{farabet2013,
  title={Learning hierarchical features for scene labeling},
  author={Farabet, Cl{\'e}ment and Couprie, Camille and Najman, Laurent and LeCun, Yann},
  year={2013},
  publisher={IEEE},
  journal={IEEE}
}

@article{hinton2012,
  title={Deep neural networks for acoustic modeling in speech recognition: The shared views of four research groups},
  author={Hinton, Geoffrey and Deng, Li and Yu, Dong and Dahl, George E and Mohamed, Abdel-rahman and Jaitly, Navdeep and Senior, Andrew and Vanhoucke, Vincent and Nguyen, Patrick and Sainath, Tara N and others},
  journal={Signal Processing Magazine, IEEE},
  volume={29},
  number={6},
  pages={82--97},
  year={2012},
  publisher={IEEE}
}

@article{deng2013,
  title={Recent advances in deep learning for speech research at Microsoft},
  author={Deng, Li and Li, Jinyu and Huang, Jui-Ting and Yao, Kaisheng and Yu, Dong and Seide, Frank and Seltzer, Michael and Zweig, Geoff and He, Xiaodong and Williams, Jason and others},
  journal={ICASSP 2013},
  year={2013}
}

@article{yuan2010,
  title={An SVM-based machine learning method for accurate internet traffic classification},
  author={Yuan, Ruixi and Li, Zhu and Guan, Xiaohong and Xu, Li},
  journal={Information Systems Frontiers},
  volume={12},
  number={2},
  pages={149--156},
  year={2010},
  publisher={Springer}
}

@article{azlan1999,
  title={Review of the applications of neural networks in chemical process control-simulation and online implementation},
  author={Azlan Hussain, Mohamed},
  journal={Artificial Intelligence in Engineering},
  volume={13},
  number={1},
  pages={55--68},
  year={1999},
  publisher={Elsevier}
}

@article{pomerleau1991,
  title={Efficient training of artificial neural networks for autonomous navigation},
  author={Pomerleau, Dean A},
  journal={Neural Computation},
  volume={3},
  number={1},
  pages={88--97},
  year={1991},
  publisher={MIT Press}
}
@incollection{pomerleau1993,
  title={Knowledge-based training of artificial neural networks for autonomous robot driving},
  author={Pomerleau, Dean A},
  booktitle={Robot learning},
  pages={19--43},
  year={1993},
  publisher={Springer}
}
@article{rahideh2012,
  title={Real time adaptive nonlinear model inversion control of a twin rotor MIMO system using neural networks},
  author={Rahideh, Akbar and Bajodah, AH and Shaheed, M Hasan},
  journal={Engineering Applications of Artificial Intelligence},
  volume={25},
  number={6},
  pages={1289--1297},
  year={2012},
  publisher={Elsevier}
}

@article{vapnik1998,
  title={Statistical learning theory},
  author={Vapnik, Vladimir N},
  year={1998},
  publisher={Wiley}
}

@article{wald1950,
  title={Statistical decision functions.},
  author={Wald, Abraham},
  year={1950},
  publisher={Wiley}
}
