@article{hecht1987counterpropagation,
  title={Counterpropagation networks},
  author={Hecht-Nielsen, Robert},
  journal={Applied optics},
  volume={26},
  number={23},
  pages={4979--4983},
  year={1987},
  publisher={Optical Society of America}
}
