@article{Kindratenko:2003,
 author = {Kindratenko, Volodymyr V.},
 title = {On Using Functions to Describe the Shape},
 journal = {J. Math. Imaging Vis.},
 issue_date = {May 2003},
 volume = {18},
 number = {3},
 month = may,
 year = {2003},
} 

@inproceedings{celebi2013,
  author    = {Sait Celebi and Ali Selman Aydin and Talha Tarik Temiz and Tarik Arici},
  title     = {{Gesture Recognition Using Skeleton Data with Weighted Dynamic Time Warping}},
 booktitle = {Computer Vision Theory and Applications},
  publisher = {Visapp},
  year      = {2013},
}