

@INPROCEEDINGS{Riedmiller93,
    author = {Martin Riedmiller and Heinrich Braun},
    title = {A Direct Adaptive Method for Faster Backpropagation Learning: The RPROP Algorithm},
    booktitle = {IEEE INTERNATIONAL CONFERENCE ON NEURAL NETWORKS},
    year = {1993},
    pages = {586--591},
    publisher = {}
}

	@MISC{Igel00,
    author = {Christian Igel and Michael Husken},
    title = {Improving the Rprop Learning Algorithm},
    year = {2000}
}

@MISC{Igel03,
    author = {Christian Igel and Michael Husken},
    title = {Empirical evaluation of the improved Rprop learning algorithms},
    year = {2003}
}

@inproceedings { lecun-98b,
original =    "orig/lecun-98b.ps.gz",
author = 	"LeCun, Y. and Bottou, L. and Orr, G. and Muller, K.",
title = 	"Efficient BackProp",
booktitle =	"Neural Networks: Tricks of the trade",
editor =        "Orr, G. and Muller K.",
publisher =     "Springer",
year =		1998
}


@INPROCEEDINGS{Caruana00,
    author = {Rich Caruana and Steve Lawrence and C. Lee Giles},
    title = {Overfitting in Neural Nets: Backpropagation, Conjugate Gradient, and Early Stopping},
    booktitle = {in Proc. Neural Information Processing Systems Conference},
    year = {2000},
    pages = {402--408}
}
@book{Haykin1998,
 author = {Haykin, Simon},
 title = {Neural Networks: A Comprehensive Foundation},
 year = {1998},
 isbn = {0132733501},
 edition = {2nd},
 publisher = {Prentice Hall PTR},
 address = {Upper Saddle River, NJ, USA},
} 


@incollection{lecun1998,
  title={Efficient backprop},
  author={LeCun, Yann and Bottou, L{\'e}on and Orr, Genevieve B and M{\"u}ller, Klaus-Robert},
  booktitle={Neural networks: Tricks of the trade},
  pages={9--50},
  year={1998},
  publisher={Springer}
}
