

@INPROCEEDINGS{Lai2012,
author={Kam Lai and Konrad, J. and Ishwar, P.},
booktitle={Image Analysis and Interpretation (SSIAI), 2012 IEEE Southwest Symposium on},
title={A gesture-driven computer interface using Kinect},
year={2012},
pages={185-188}}

@article{Shen2012,
title = "Dynamic hand gesture recognition: An exemplar-based approach from motion divergence fields ",
journal = "Image and Vision Computing ",
volume = "30",
number = "3",
pages = "227 - 235",
year = "2012",
note = "<ce:title>Best of Automatic Face and Gesture Recognition 2011</ce:title> ",
issn = "0262-8856",
doi = "http://dx.doi.org/10.1016/j.imavis.2011.11.003",
url = "http://www.sciencedirect.com/science/article/pii/S0262885611001193",
author = "Xiaohui Shen and Gang Hua and Lance Williams and Ying Wu",
keywords = "Hand gesture recognition",
keywords = "Divergence fields",
keywords = "Optical flow",
keywords = "Maximum Stable Extremal Regions",
keywords = "Term frequency-inverse document frequency (TF-IDF) "
}

@inproceedings{Kurakin2012,
  title={A real time system for dynamic hand gesture recognition with a depth sensor},
  author={Kurakin, A and Zhang, Z and Liu, Z},
  booktitle={Signal Processing Conference (EUSIPCO), 2012 Proceedings of the 20th European},
  pages={1975--1979},
  year={2012},
  organization={IEEE}
}





@TECHREPORT{Wang08max-marginhidden,
    author = {Yang Wang and Greg Mori},
    title = {Max-margin hidden conditional random fields for human action recognition},
    institution = {},
    year = {2008}
}


@incollection{mubin2009,
  title={How not to become a buffoon in front of a shop window: A solution allowing natural head movement for interaction with a public display},
  author={Mubin, Omar and Lashina, Tatiana and van Loenen, Evert},
  booktitle={Human-Computer Interaction--INTERACT 2009},
  pages={250--263},
  year={2009},
  publisher={Springer}
}

@inproceedings{rodriguez2008,
  title={A system for personalized human computer interaction},
  author={Rodriguez, Daniel and Goldmann, Lutz and Ongkittikul, Surachai and Karaman, Mustafa and Worrall, Stewart and Sikora, Thomas and Kondoz, Ahmet},
  booktitle={ELMAR, 2008. 50th International Symposium},
  volume={2},
  pages={439--442},
  year={2008},
  organization={IEEE}
}
