@book{mcneill92,
    author = {Mcneill, David},
    citeulike-article-id = {1664259},
    keywords = {nonverbal\_behavior, psychology},
    posted-at = {2010-03-09 15:45:33},
    priority = {2},
    publisher = {University of Chicago Press.},
    title = {{Hand and mind: What gestures reveal about thought}},
    year = {1992}
}

@article{Studdert1993,
  title={A Review of McNeill's Hand and Mind: What Gestures Reveal About Thought},
  author={Studdert-Kennedy, Michael},
  journal={Haskins Laboratories Status Report on Speech Research},
  year={1993}
}


@article{hostetter2008visible,
  title={Visible embodiment: Gestures as simulated action},
  author={Hostetter, Autumn B and Alibali, Martha W},
  journal={Psychonomic bulletin \& review},
  volume={15},
  number={3},
  pages={495--514},
  year={2008},
  publisher={Springer}
}

@article{capone2004gesture,
  title={Gesture development: A review for clinical and research practices},
  author={Capone, Nina C and McGregor, Karla K},
  journal={Journal of Speech, Language and Hearing Research},
  volume={47},
  number={1},
  pages={173},
  year={2004},
  publisher={ASHA}
}

@article{goldin2010action,
  title={Action’s influence on thought: The case of gesture},
  author={Goldin-Meadow, Susan and Beilock, Sian L},
  journal={Perspectives on Psychological Science},
  volume={5},
  number={6},
  pages={664--674},
  year={2010},
  publisher={SAGE Publications}
}

@article{iverson1999hand,
  title={Hand, mouth and brain. The dynamic emergence of speech and gesture},
  author={Iverson, Jana M and Thelen, Esther},
  journal={Journal of Consciousness Studies},
  volume={6},
  number={11-12},
  pages={11--12},
  year={1999},
  publisher={Imprint Academic}
}
