
@inproceedings{davis1964,
  title={The RAND tablet: a man-machine graphical communication device},
  author={Davis, Malcolm R and Ellis, TO},
  booktitle={Proceedings of the October 27-29, 1964, fall joint computer conference, part I},
  pages={325--331},
  year={1964},
  organization={ACM}
}

@article{ellis1969,
  title={The Grail Project},
  author={Ellis, Thomas O and Heafner, John F and Sibley, William L},
  year={1969},
  publisher={Rand Corporation},
  journal={RAND}
}

@inproceedings{Coleman1969,
  title={Text editing on a graphic display device using hand-drawn proofreader's symbols},
  author={Coleman, Michael L.},
  year={1969},
  booktitle={Pertinent Concepts in Computer Graphics: Proceedings of the 2nd University of Illinois Conference on Computer Graphics},
  pages={282--290},
  organization={ICCG}
}


@phdthesis{madeira1978,
  title={Gesture recognition and the use of touch sensitive color displays for simple diagramming.},
  author={Madeira, Marion},
  year={1978},
  school={Massachusetts Institute of Technology}
}

@inproceedings{zimmerman1987,
  title={A hand gesture interface device},
  author={Zimmerman, Thomas G and Lanier, Jaron and Blanchard, Chuck and Bryson, Steve and Harvill, Young},
  booktitle={ACM SIGCHI Bulletin},
  volume={18},
  pages={189--192},
  year={1987},
  organization={ACM}
}


@inproceedings{Bolt1980,
 author = {Bolt, Richard A.},
 title = {Put-that-there: Voice and gesture at the graphics interface},
 booktitle = {Proceedings of the 7th annual conference on Computer graphics and interactive techniques},
 series = {SIGGRAPH '80},
 year = {1980},
 isbn = {0-89791-021-4},
 location = {Seattle, Washington, USA},
 pages = {262--270},
 numpages = {9},
 url = {http://doi.acm.org/10.1145/800250.807503},
 doi = {10.1145/800250.807503},
 acmid = {807503},
 publisher = {ACM},
 address = {New York, NY, USA},
 keywords = {Gesture, Graphics, Graphics interface, Man-machine interfaces, Space sensing, Spatial data management, Speech input, Voice input},
} 

@inproceedings{hauptmann1989speech,
  title={Speech and gestures for graphic image manipulation},
  author={Hauptmann, Alexander G},
  booktitle={ACM SIGCHI Bulletin},
  volume={20},
  number={SI},
  pages={241--245},
  year={1989},
  organization={ACM}
}
@article{pausch1992,
  title={Giving CANDY to children: user-tailored gesture input driving an articulator-based speech synthesizer},
  author={Pausch, Randy and Williams, Ronald D},
  journal={Communications of the ACM},
  volume={35},
  number={5},
  pages={58--66},
  year={1992},
  publisher={ACM}
}

@inproceedings{yamato1992,
  title={Recognizing human action in time-sequential images using hidden Markov model},
  author={Yamato, Junji and Ohya, Jun and Ishii, Kenichiro},
  booktitle={Computer Vision and Pattern Recognition, 1992. Proceedings CVPR'92., 1992 IEEE Computer Society Conference on},
  pages={379--385},
  year={1992},
  organization={IEEE}
}

@article{tamura1988,
title = "Recognition of sign language motion images ",
journal = "Pattern Recognition ",
volume = "21",
number = "4",
pages = "343 - 353",
year = "1988",
note = "",
issn = "0031-3203",
doi = "http://dx.doi.org/10.1016/0031-3203(88)90048-9",
url = "http://www.sciencedirect.com/science/article/pii/0031320388900489",
author = "Shinichi Tamura and Shingo Kawasaki"
}




@article{myers1998,
  title={A brief history of human-computer interaction technology},
  author={Myers, Brad A},
  journal={interactions},
  volume={5},
  number={2},
  pages={44--54},
  year={1998},
  publisher={ACM}
}



@phdthesis{juang2005,
  title={Automatic speech recognition--a brief history of the technology development},
  author={Juang, BH and Rabiner, Lawrence R},
  school={University of California at Santa Barbara},
  journal={Communications of the ACM},
  year={2005},
  }

@article{deng2004,
  title={Challenges in adopting speech recognition},
  author={Deng, Li and Huang, Xuedong},
  journal={Communications of the ACM},
  volume={47},
  number={1},
  pages={69--75},
  year={2004},
  publisher={ACM}
}


@article{anusuya2010,
  title={Speech recognition by machine, a review},
  author={Anusuya, MA and Katti, Shriniwas K},
  journal={arXiv preprint arXiv:1001.2267},
  year={2010}
}




@incollection{chowdhury2013,
  title={Muscle computer interface: A Review},
  author={Chowdhury, Anirban and Ramadas, Rithvik and Karmakar, Sougata},
  booktitle={ICoRD'13},
  pages={411--421},
  year={2013},
  publisher={Springer}
}

@article{lebedev2006,
  title={Brain--machine interfaces: past, present and future},
  author={Lebedev, Mikhail A and Nicolelis, Miguel AL},
  journal={TRENDS in Neurosciences},
  volume={29},
  number={9},
  pages={536--546},
  year={2006},
  publisher={Elsevier}
}


@article{millan2013,
  title={Brain-computer interfaces},
  author={Mill{\'a}n, Jos{\'e} del R},
  journal={Introduction to Neural Engineering for Motor Rehabilitation},
  volume={40},
  pages={237},
  year={2013},
  publisher={Wiley. com}
}


@article{kiesler1988,
  title={The mystery of RSI.},
  author={Kiesler, Sara and Finholt, Tom},
  journal={American Psychologist},
  volume={43},
  number={12},
  pages={1004},
  year={1988},
  publisher={American Psychological Association}
}


@article{keller1998,
  title={Repetitive strain injury in computer keyboard users: pathomechanics and treatment principles in individual and group intervention},
  author={Keller, Katy and Corbett, Julie and Nichols, Diane},
  journal={Journal of Hand Therapy},
  volume={11},
  number={1},
  pages={9--26},
  year={1998},
  publisher={Elsevier}
}



@article{saroshe2012,
  title={Assessment of Nature and Type of Repetitive Strain Injury Among Software Professionals},
  author={Saroshe, Satish and Sirohi, Suraj and Pawaiya, Amitsingh and Taneja, Gunjan},
  journal={National Journal of Medical Research},
  volume={2},
  number={4},
  pages={404--406},
  year={2012}
}

@article{epstein2012,
  title={The effects of feedback on computer workstation posture habits},
  author={Epstein, Rhonda and Colford, Sean and Epstein, Ethan and Loye, Brandon and Walsh, Michael},
  journal={Work: A Journal of Prevention, Assessment and Rehabilitation},
  volume={41},
  number={1},
  pages={73--79},
  year={2012},
  publisher={IOS Press}
}

@article{Coggon2013,
title = "Disabling musculoskeletal pain in working populations: Is it the job, the person, or the culture? ",
journal = "\{PAIN\} ",
volume = "154",
number = "6",
pages = "856 - 863",
year = "2013",
note = "",
issn = "0304-3959",
doi = "http://dx.doi.org/10.1016/j.pain.2013.02.008",
url = "http://www.sciencedirect.com/science/article/pii/S030439591300064X",
author = "David Coggon et al"
}



@inproceedings{Perera2005,
 author = {Perera, Dharani},
 title = {Voice recognition technology for visual artists with disabilities in their upper limbs},
 booktitle = {Proceedings of the 17th Australia conference on Computer-Human Interaction: Citizens Online: Considerations for Today and the Future},
 series = {OZCHI '05},
 year = {2005},
 isbn = {1-59593-222-4},
 location = {Canberra, Australia},
 pages = {1--6},
 numpages = {6},
 url = {http://dl.acm.org/citation.cfm?id=1108368.1108384},
 acmid = {1108384},
 publisher = {Computer-Human Interaction Special Interest Group (CHISIG) of Australia},
 address = {Narrabundah, Australia, Australia},
} 


@phdthesis{chen2009,
  title={An investigation into alternative human-computer interaction in relation to ergonomics for gesture interface design},
  author={Chen, Tin Kai},
  year={2009},
  school={De Montfort University}
}

@inproceedings{heigold2013,
  title={Multilingual acoustic models using distributed deep neural networks},
  author={Heigold, G and Vanhoucke, V and Senior, A and Nguyen, P and Ranzato, M and Devin, M and Dean, J},
  year={2013},
  booktitle={ICASSP},
  organization={ICASSP}
}
@incollection{schalkwyk2010,
  title={"Your Word is my Command": Google Search by Voice: A Case Study},
  author={Schalkwyk, Johan and Beeferman, Doug and Beaufays, Fran{\c{c}}oise and Byrne, Bill and Chelba, Ciprian and Cohen, Mike and Kamvar, Maryam and Strope, Brian},
  booktitle={Advances in Speech Recognition},
  pages={61--90},
  year={2010},
  publisher={Springer}
}


@inproceedings{Jain2011,
 author = {Jain, Jhilmil and Lund, Arnold and Wixon, Dennis},
 title = {The future of natural user interfaces},
 booktitle = {CHI '11 Extended Abstracts on Human Factors in Computing Systems},
 series = {CHI EA '11},
 year = {2011},
 isbn = {978-1-4503-0268-5},
 location = {Vancouver, BC, Canada},
 pages = {211--214},
 numpages = {4},
 url = {http://doi.acm.org/10.1145/1979742.1979527},
 doi = {10.1145/1979742.1979527},
 acmid = {1979527},
 publisher = {ACM},
 address = {New York, NY, USA},
 keywords = {3D, NUI, augmented reality, gesture, multimodal interface, natural user interface, speech, touch},
} 

@article{Rashmi2013,
  author    = {Rashmi Makhijani and
               Urmila Shrawankar and
               Vilas M. Thakare},
  title     = {Opportunities {\&}amp; Challenges In Automatic Speech Recognition},
  journal   = {CoRR},
  volume    = {abs/1305.2846},
  year      = {2013},
  ee        = {http://arxiv.org/abs/1305.2846},
  bibsource = {DBLP, http://dblp.uni-trier.de}
}
