@INPROCEEDINGS{Shotton2011,
    author = {Jamie Shotton and Andrew Fitzgibbon and Mat Cook and Toby Sharp and Mark Finocchio and Richard Moore and Alex Kipman and Andrew Blake},
    title = {Real-time human pose recognition in parts from single depth images},
    booktitle = {In In CVPR, 2011. 3},
    year = {2011}
}



@INPROCEEDINGS{Martin2012,
author={Martin, C.C. and Burkert, D.C. and Choi, K.R. and Wieczorek, N.B. and McGregor, P.M. and Herrmann, R.A. and Beling, P.A.},
booktitle={Systems and Information Design Symposium (SIEDS), 2012 IEEE},
title={A real-time ergonomic monitoring system using the Microsoft Kinect},
year={2012}
}

@article{celebi2013gesture,
  title={Gesture Recognition Using Skeleton Data with Weighted Dynamic Time Warping},
  author={Celebi, Sait and Aydin, Ali S and Temiz, Talha T and Arici, Tarik},
  journal={Computer Vision Theory and Applications. Visapp},
  year={2013}
}

@INPROCEEDINGS{Le2013,
author={Le, Thi-Lan and Nguyen, Minh-Quoc and Nguyen, Thi-Thanh-Mai},
booktitle={Computing, Management and Telecommunications (ComManTel), 2013 International Conference on},
title={Human posture recognition using human skeleton provided by Kinect},
year={2013},
}

@incollection{Nergui2013,
year={2013},
booktitle={Evaluating AAL Systems Through Competitive Benchmarking},
title={Human Behavior Recognition by a Mobile Robot Following Human Subjects},

}

@inproceedings{Gerling:2013,
 author = {Gerling, Kathrin M. and Kalyn, Michael R. and Mandryk, Regan L.},
 title = {KINECTwheels: wheelchair-accessible motion-based game interaction},
 booktitle = {CHI '13 Extended Abstracts on Human Factors in Computing Systems},
 series = {CHI EA '13},
 year = {2013},
 publisher = {ACM},
 
} 



@INPROCEEDINGS{Oszust2013,
author={Oszust, Mariusz and Wysocki, Marian},
booktitle={Human System Interaction (HSI), 2013 The 6th International Conference on},
title={Polish sign language words recognition with Kinect},
year={2013},
pages={219-226},
keywords={Assistive technology;Cameras;Face;Gesture recognition;Image color analysis;Shape;Skin},
doi={10.1109/HSI.2013.6577826},
ISSN={2158-2246},}