
@book{gerstner2002,
  title={Spiking neuron models: Single neurons, populations, plasticity},
  author={Gerstner, Wulfram and Kistler, Werner M},
  year={2002},
  publisher={Cambridge university press}
}
@article{burkitt2006,
  title={A review of the integrate-and-fire neuron model: II. Inhomogeneous synaptic input and network properties},
  author={Burkitt, Anthony N},
  journal={Biological cybernetics},
  volume={95},
  number={2},
  pages={97--112},
  year={2006},
  publisher={Springer}
}

@article{brette2007,
  title={Simulation of networks of spiking neurons: a review of tools and strategies},
  author={Brette, Romain and Rudolph, Michelle and Carnevale, Ted and Hines, Michael and Beeman, David and Bower, James M and Diesmann, Markus and Morrison, Abigail and Goodman, Philip H and Harris Jr, Frederick C and others},
  journal={Journal of computational neuroscience},
  volume={23},
  number={3},
  pages={349--398},
  year={2007},
  publisher={Springer}
}
