@INPROCEEDINGS{Estrebou2010,
    author = {Estrebou C.,Lanzarini L., Hasperue W.},
    title = {Voice recognition based on probabilistic SOM},
    booktitle = {Latinamerican Informatics Conference. CLEI 2010. Paraguay. October 2010.},
    year = {2010}
}



