@inproceedings{Wobbrock2007,
  title={Gestures without libraries, toolkits or training: a $1 recognizer for user interface prototypes},
  author={Wobbrock, Jacob O and Wilson, Andrew D and Li, Yang},
  booktitle={Proceedings of the 20th annual ACM symposium on User interface software and technology},
  pages={159--168},
  year={2007},
  organization={ACM}
}

@inproceedings{kratz20103,
  title={A $3 gesture recognizer: simple gesture recognition for devices equipped with 3D acceleration sensors},
  author={Kratz, Sven and Rohs, Michael},
  booktitle={Proceedings of the 15th international conference on Intelligent user interfaces},
  pages={341--344},
  year={2010},
  organization={ACM}
}


@inproceedings{hoffman2010,
  title={Breaking the status quo: Improving 3d gesture recognition with spatially convenient input devices},
  author={Hoffman, Michael and Varcholik, Paul and LaViola, Joseph J},
  booktitle={Virtual Reality Conference (VR), 2010 IEEE},
  pages={59--66},
  year={2010},
  organization={IEEE}
}
