@incollection{Kim2007,
  title={Gesture recognition under small sample size},
  author={Kim, Tae-Kyun and Cipolla, Roberto},
  booktitle={Computer Vision--ACCV 2007},
  pages={335--344},
  year={2007},
  publisher={Springer}
}

@inproceedings{Koch2010,
  title={Gesture recognition on few training data using slow feature analysis and parametric bootstrap},
  author={Koch, Patrick and Konen, Wolfgang and Hein, Kristine},
  booktitle={Neural Networks (IJCNN), The 2010 International Joint Conference on},
  pages={1--8},
  year={2010},
  organization={IEEE}
}

@inproceedings{quiroga2013,
  title={A novel competitive neural classifier for gesture recognition with small training sets},
  author={Quiroga, Facundo and Corbalan, Leonardo},
  booktitle={Proceedings of the XIX Argentine Congress on Computer Science (CACIC), Inteligent Systems and Agents Workshop (WASI)},
  pages={140--149},
  isbn={978-987-23963-1-2},
  year={2013},
  organization={RedUNCI}
}