@TECHREPORT{platt1998,
    author = {John C. Platt},
    title = {Sequential Minimal Optimization: A Fast Algorithm for Training Support Vector Machines},
    institution = {ADVANCES IN KERNEL METHODS - SUPPORT VECTOR LEARNING},
    year = {1998}
}

@article{Damerau1964,
 author = {Damerau, Fred J.},
 title = {A technique for computer detection and correction of spelling errors},
 journal = {Commun. ACM},
 issue_date = {March 1964},
 volume = {7},
 number = {3},
 month = mar,
 year = {1964},
 issn = {0001-0782},
 pages = {171--176},
 numpages = {6},
 url = {http://doi.acm.org/10.1145/363958.363994},
 doi = {10.1145/363958.363994},
 acmid = {363994},
 publisher = {ACM},
 address = {New York, NY, USA},
} 

@ARTICLE{Bellman1959,
author={Bellman, Richard and Kalaba, R.},
journal={Automatic Control, IRE Transactions on},
title={On adaptive control processes},
year={1959},
volume={4},
number={2},
pages={1-9},
keywords={Adaptive control;Concrete;Control systems;Differential equations;Dynamic programming;Force control;Nonlinear equations;Optimal control;Process control;Random variables},
doi={10.1109/TAC.1959.1104847},
ISSN={0096-199X},}


@book{boyd2004,
  title={Convex optimization},
  author={Boyd, Stephen Poythress and Vandenberghe, Lieven},
  year={2004},
  publisher={Cambridge university press}
}
