@ introduction + surveys + reviews

@INPROCEEDINGS{Huang95handgesture,
    author = {Thomas S. Huang and Vladimir I. Pavlovic},
    title = {Hand Gesture Modeling, Analysis, and Synthesis},
    booktitle = {In Proc. of IEEE International Workshop on Automatic Face and Gesture Recognition},
    year = {1995},
    pages = {73--79}
}

@article{Mitra,
 author = {Mitra, S. and Acharya, T.},
 title = {Gesture Recognition: A Survey},
 journal = {Trans. Sys. Man Cyber Part C},
 issue_date = {May 2007},
 volume = {37},
 number = {3},
 month = may,
 year = {2007},
 issn = {1094-6977},
 pages = {311--324},
 numpages = {14},
 publisher = {IEEE Press},
 address = {Piscataway, NJ, USA}
} 
@INPROCEEDINGS{Wu_vision-basedgesture,
    author = {Ying Wu and Thomas S. Huang and N. Mathews},
    title = {Vision-Based Gesture Recognition: A Review},
    booktitle = {Lecture Notes in Computer Science},
    year = {},
    pages = {103--115},
    publisher = {Springer}
}

@incollection{Meghanathan,
year={2011},
isbn={978-3-642-17880-1},
booktitle={Advanced Computing},
volume={133},
series={Communications in Computer and Information Science},
author={Meghanathan, Natarajan and Kaushik, BrajeshKumar and Nagamalai, Dhinaharan},
title={A Survey on Hand Gesture Recognition in Context of Soft Computing},
publisher={Springer Berlin Heidelberg},
pages={46-55}
}


@article{MEMS,
author = {Ruize Xu, Shengli Zhou, Wen J. Li},
title={MEMS Accelerometer Based Nonspecific-User Hand Gesture Recognition},
publisher = {IEEE Computer Society},
journal = {IEEE Sensors Journal - IEEE SENS J},
year = {2012},
volume = {12},
number = {5},
pages = {1166--1173}
}

@neural networks

@incollection{Rumelhart:1988:LIR:65669.104449,
 author = {Rumelhart, D. E. and Hinton, G. E. and Williams, R. J.},
 chapter = {Learning internal representations by error propagation},
 title = {Neurocomputing: foundations of research},
 editor = {Anderson, James A. and Rosenfeld, Edward},
 year = {1988},
 isbn = {0-262-01097-6},
 pages = {673--695},
 numpages = {23},
 url = {http://dl.acm.org/citation.cfm?id=65669.104449},
 acmid = {104449},
 publisher = {MIT Press},
 address = {Cambridge, MA, USA},
} 

@article{
year={2012},
issn={0269-2821},
journal={Artificial Intelligence Review},
doi={10.1007/s10462-011-9303-1},
title={Static hand gesture recognition using neural networks},
url={http://dx.doi.org/10.1007/s10462-011-9303-1},
publisher={Springer Netherlands},
keywords={Gesture recognition; Hand gestures; Artificial neural network; Human–computer interaction; Computer vision},
author={Hasan, Haitham and Abdul-Kareem, S.},
pages={1-35},
language={English}
}

@article{journals/ijprai/GuttaIW97,
  added-at = {2012-09-14T00:00:00.000+0200},
  author = {Gutta, Srinivas and Imam, Ibrahim F. and Wechsler, Harry},
  biburl = {http://www.bibsonomy.org/bibtex/25e390cdf6a30d7fb09fc7a3cf1d4d98e/dblp},
  ee = {http://dx.doi.org/10.1142/S021800149700038X},
  interhash = {01930d56f805778732b94161e69c3075},
  intrahash = {5e390cdf6a30d7fb09fc7a3cf1d4d98e},
  journal = {IJPRAI},
  keywords = {dblp},
  number = 6,
  pages = {845-872},
  timestamp = {2012-09-14T00:00:00.000+0200},
  title = {Hand Gesture Recognition Using Ensembles of Radial Basis Function (RBF) Networks and Decision Trees.},
  url = {http://dblp.uni-trier.de/db/journals/ijprai/ijprai11.html#GuttaIW97},
  volume = 11,
  year = 1997
}
@INPROCEEDINGS{Gutta96faceand,
    author = {Srinivas Gutta and Jeffrey Huang and Ibrahim F. Imam and Harry Wechsler},
    title = {Face and Hand Gesture Recognition Using Hybrid Classifiers},
    booktitle = {Proceedings of the International Conference on Automatic Face and Gesture Recognition, ICAFGR 96},
    year = {1996},
    pages = {164--169},
    publisher = {IEEE Press}
}
@article{DBLP:journals/tim/DardasG11,
  author    = {Nasser H. Dardas and
               Nicolas D. Georganas},
  title     = {Real-Time Hand Gesture Detection and Recognition Using Bag-of-Features
               and Support Vector Machine Techniques},
  journal   = {IEEE T. Instrumentation and Measurement},
  volume    = {60},
  number    = {11},
  year      = {2011},
  pages     = {3592-3607},
  ee        = {http://doi.ieeecomputersociety.org/10.1109/TIM.2011.2161140},
  bibsource = {DBLP, http://dblp.uni-trier.de}
}
@bayesian
@TECHREPORT{Heckerman96atutorial,
    author = {David Heckerman},
    title = {A Tutorial on Learning With Bayesian Networks},
    institution = {Learning in Graphical Models},
    year = {1996}
}

@ARTICLE{4721435,
author={Liangxiao Jiang and Zhang, H. and Zhihua Cai},
journal={Knowledge and Data Engineering, IEEE Transactions on},
title={A Novel Bayes Model: Hidden Naive Bayes},
year={2009},
volume={21},
number={10},
pages={1361-1371},
keywords={belief networks;computational complexity;data mining;learning (artificial intelligence);probability;Bayes model;NP-hard problem;ROC curve;UCI data set;averaged one-dependence estimator;class probability estimation;conditional log likelihood;data mining application;hidden naive Bayes model;naive Bayes tree;optimal Bayesian network classifier;selective Bayesian classifier;tree-augmented naive Bayes;Bayesian network classifiers;Naive Bayes;class probability estimation;classification;learning algorithms;ranking.},
doi={10.1109/TKDE.2008.234},
ISSN={1041-4347},}

@article{Suk20103059,
title = "Hand gesture recognition based on dynamic Bayesian network framework ",
journal = "Pattern Recognition ",
volume = "43",
number = "9",
pages = "3059 - 3072",
year = "2010",
note = "",
issn = "0031-3203",
doi = "10.1016/j.patcog.2010.03.016",
url = "http://www.sciencedirect.com/science/article/pii/S0031320310001366",
author = "Heung-Il Suk and Bong-Kee Sin and Seong-Whan Lee",
keywords = "Hand gestures recognition",
keywords = "Dynamic Bayesian network",
keywords = "Coupled hidden Markov model",
keywords = "Continuous gesture spotting "
}

@article{Suk:2010:HGR:1808337.1808379,
 author = {Suk, Heung-Il and Sin, Bong-Kee and Lee, Seong-Whan},
 title = {Hand gesture recognition based on dynamic Bayesian network framework},
 journal = {Pattern Recogn.},
 issue_date = {September, 2010},
 volume = {43},
 number = {9},
 month = sep,
 year = {2010},
 issn = {0031-3203},
 pages = {3059--3072},
 numpages = {14},
 url = {http://dx.doi.org/10.1016/j.patcog.2010.03.016},
 doi = {10.1016/j.patcog.2010.03.016},
 acmid = {1808379},
 publisher = {Elsevier Science Inc.},
 address = {New York, NY, USA},
 keywords = {Continuous gesture spotting, Coupled hidden Markov model, Dynamic Bayesian network, Hand gestures recognition},
}
@INPROCEEDINGS{1251821,
author={Aviles-Arriaga, H.H. and Sucar, L.E. and Mendoza, C.E. and Vargas, B.},
booktitle={Robot and Human Interactive Communication, 2003. Proceedings. ROMAN 2003. The 12th IEEE International Workshop on},
title={Visual recognition of gestures using dynamic naive Bayesian classifiers},
year={2003},
pages={133-138},
keywords={belief networks;gesture recognition;hidden Markov models;human computer interaction;man-machine systems;mobile robots;robot vision;dynamic naive Bayesian classifiers;gesture recognition;hidden Markov model;human-robot interaction;mobile robot;online visual gesture learning;visual recognition;Bayesian methods;Education;Educational robots;Hidden Markov models;Humans;Mobile communication;Mobile robots;Speech recognition;Testing;Working environment noise},
doi={10.1109/ROMAN.2003.1251821},}


@svm
@INPROCEEDINGS{Cortes95support-vectornetworks,
    author = {Corinna Cortes and Vladimir Vapnik},
    title = {Support-Vector Networks},
    booktitle = {Machine Learning},
    year = {1995},
    pages = {273--297}
}

@ARTICLE{Burges98atutorial,
    author = {Christopher J. C. Burges},
    title = {A tutorial on support vector machines for pattern recognition},
    journal = {Data Mining and Knowledge Discovery},
    year = {1998},
    volume = {2},
    pages = {121--167}
}
@INPROCEEDINGS{Boser92atraining,
    author = {Bernhard E. Boser and et al.},
    title = {A training algorithm for optimal margin classifiers},
    booktitle = {PROCEEDINGS OF THE 5TH ANNUAL ACM WORKSHOP ON COMPUTATIONAL LEARNING THEORY},
    year = {1992},
    pages = {144--152},
    publisher = {ACM Press}
}
@article{Vapnik99,
  author    = {Vladimir Vapnik},
  title     = {An overview of statistical learning theory},
  journal   = {IEEE Transactions on Neural Networks},
  volume    = {10},
  number    = {5},
  year      = {1999},
  pages     = {988-999},
  ee        = {http://doi.ieeecomputersociety.org/10.1109/72.788640},
  bibsource = {DBLP, http://dblp.uni-trier.de}
}


@ HMM

@INPROCEEDINGS{Rabiner89atutorial,
    author = {Lawrence R. Rabiner},
    title = {A tutorial on hidden markov models and selected applications in speech recognition},
    booktitle = {Proceedings of the IEEE},
    year = {1989},
    pages = {257--286}
}
@MISC{Brand96coupledhidden,
    author = {Matthew Brand and Nuria Oliver and Alex Pentland},
    title = {Coupled hidden Markov models for complex action recognition},
    year = {1996}
}

@INPROCEEDINGS{Vogler98aslrecognition,
    author = {Christian Vogler and Dimitris Metaxas},
    title = {ASL Recognition Based on a Coupling Between HMMs and 3D Motion Analysis},
    booktitle = {IN ICCV},
    year = {1998},
    pages = {363--369},
    publisher = {}
}
@INPROCEEDINGS{Vogler97adaptinghidden,
    author = {Christian Vogler and Dimitris Metaxas},
    title = {Adapting Hidden Markov Models for ASL Recognition by Using Three-dimensional Computer Vision Methods},
    booktitle = {In Proceedings of the IEEE International Conference on Systems, Man and Cybernetics},
    year = {1997},
    pages = {156--161}
}

@INPROCEEDINGS{Binh05real-timehand,
    author = {Nguyen Dang Binh and Enokida Shuichi and Toshiaki Ejima},
    title = {Real-Time Hand Tracking and Gesture Recognition System},
    booktitle = {Proceedings of International Conference on Graphics, Vision and Image Processing (GVIP-05},
    year = {2005},
    pages = {362--368}
}

@inproceedings{NguyenDangBinh,
 author = {Nguyen Dang Binh and Ejima, T.},
 title = {Real-Time hand Gesture Recognition Using Pseudo 3-D Hidden Markov Model},
 booktitle = {Proceedings of the 2006 5th IEEE International Conference on Cognitive Informatics - Volume 02},
 series = {ICCI '06},
 year = {2006},
 isbn = {1-4244-0475-4},
 pages = {820--824},
 numpages = {5},
 publisher = {IEEE Computer Society},
 address = {Washington, DC, USA}
} 

@INPROCEEDINGS{Just04recognitionof,
    author = {Agnès Just and Sébastien Marcel},
    title = {Recognition of isolated complex mono and bimanual 3d hand gestures},
    booktitle = {In Proc. Sixth International Conference on Automatic Face and Gesture Recognition (FGR’04). IEEE Computer Society},
    year = {2004}
}
@INPROCEEDINGS{A04hmmand,
    author = {Sébastien Marcel A and Agnès Just and Agnès Just and Olivier Bernier and Olivier Bernier and Sébastien Marcel},
    title = {HMM and IOHMM for the Recognition of Mono- and Bi-Manual 3D Hand Gestures},
    booktitle = {In ICPR workshop on Visual Observation of Deictic Gestures (POINTING04},
    year = {2004}
}



@ Software

@inproceedings{faast,
 author = {Suma, E A. and Lange, B and Rizzo, A and Krum, D M. and Bolas, M},
 title = {FAAST: The Flexible Action and Articulated Skeleton Toolkit},
 booktitle = {Proceedings of the 2011 IEEE Virtual Reality Conference},
 series = {VR '11},
 year = {2011},
 isbn = {978-1-4577-0039-2},
 pages = {247--248},
 numpages = {2},
 acmid = {2196381},
 publisher = {IEEE Computer Society},
 address = {Washington, DC, USA}
} 
@misc{kineticspace,
title = {{KineticSpace:} General purpose gesture recognition software for the Kinect },
 howpublished = {\url{http://code.google.com/p/kineticspace/ }},
}


@misc{controlmapper,
title = {{ControlMapper:} General purpose gesture recognition software for the Kinect },
author = {},
howpublished = {\url{http://www.controlmapper.com/}}
}
@misc{gesturepak,
title = {{GesturePak:} General purpose gesture recognition library for the Kinect },
howpublished = {\url{http://www.franklins.net/gesturepak.aspx}}
}
@misc{kinectdtw,
title = {{KinectDTW:} General purpose gesture recognition library for the Kinect using dynamic time-warping},
howpublished = {\url{http://kinectdtw.codeplex.com/}}
}

@ devices

@misc{kinectsdk,
title = {{Kinect SDK} },
author = {Microsoft},
howpublished = {\url{http://www.microsoft.com/en-us/kinectforwindows/develop/new.aspx}}
}

@misc{kinect,
title = {{Kinect:} },
author = {Microsoft},
 howpublished = {\url{http://http://www.microsoft.com/en-us/kinectforwindows/}}
}